@article{first-mhd,
  author  = {{Alfv{\'e}n}, Hannes},
  title   = {{On the cosmogony of the solar system III}},
  journal = {Stockholms Observatoriums Annaler},
  year    = 1946,
  month   = jan,
  volume  = {14},
  pages   = {9.1-9.29},
  adsurl  = {https://ui.adsabs.harvard.edu/abs/1946StoAn..14....9A},
  adsnote = {Provided by the SAO/NASA Astrophysics Data System}
}

@article{nonlinear1,
  author = {Todo, Y, Berk, H L, and Breizman, B N},
  title  = {Nonlinear MHD effects on the Alfven eigenmode evolution},
  place  = {Japan},
  year   = {2006},
  month  = {Apr}
}

 @misc{wiki-mhd,
  title     = {Magnetohydrodynamics},
  url       = {https://en.wikipedia.org/wiki/Magnetohydrodynamics},
  journal   = {Wikipedia},
  publisher = {Wikimedia Foundation},
  year      = {2022},
  month     = {Nov}
} 

 @misc{wiki-momentum,
  title     = {Cauchy momentum equation},
  url       = {https://en.wikipedia.org/wiki/Cauchy_momentum_equation},
  journal   = {Wikipedia},
  publisher = {Wikimedia Foundation},
  year      = {2022},
  month     = {Nov}
} 

 @misc{scholar-mhd,
  author    = {Søren Bertil F.},
  title     = {Magnetohydrodynamics},
  url       = {http://www.scholarpedia.org/article/Magnetohydrodynamics},
  journal   = {Scholarpedia},
  publisher = {Scholarpedia},
  year      = {2022},
  month     = {Nov}
} 

 @misc{sd-mhd,
  title     = {Magnetohydrodynamics},
  url       = {https://www.sciencedirect.com/topics/materials-science/magnetohydrodynamics},
  journal   = {ScienceDirect},
  publisher = {ScienceDirect},
  year      = {2022},
  month     = {Nov}
}

@book{nonlinear-mhd-book,
  place      = {Cambridge},
  series     = {Cambridge Monographs on Plasma Physics},
  title      = {Nonlinear Magnetohydrodynamics},
  doi        = {10.1017/CBO9780511599965},
  publisher  = {Cambridge University Press},
  author     = {Biskamp, Dieter},
  year       = {1993},
  collection = {Cambridge Monographs on Plasma Physics}
}
 @article{article1,
  author    = {Nick Murphy},
  title     = {Ideal Magnetohydrodynamics},
  url       = {https://lweb.cfa.harvard.edu/~namurphy/Lectures/Ay253_01_IdealMHD.pdf},
  journal   = {Harvard-Smithsonian Center for Astrophysics},
  publisher = {Harvard-Smithsonian Center for Astrophysics},
  year      = {2022},
  month     = {Nov}
}


@article{article2,
  author    = {Valery Nakariakov},
  title     = {Magnetohydrodynamics (MHD)},
  url       = {https://warwick.ac.uk/fac/sci/physics/research/cfsa/people/valery/teaching/khu_mhd/KHU_mhd_handout.pdf},
  journal   = {University of Warwick},
  publisher = {University of Warwick},
  year      = {2022},
  month     = {Nov}
}

 @article{article3,
  author    = {Nick Murphy},
  title     = {Reduced MHD},
  url       = {https://lweb.cfa.harvard.edu/~namurphy/Lectures/Ay253_05_ReducedMHD.pdf},
  journal   = {Harvard-Smithsonian Center for Astrophysics},
  publisher = {Harvard-Smithsonian Center for Astrophysics},
  year      = {2022},
  month     = {Nov}
}

 @article{article4,
  author    = {Chen Shi},
  title     = {Hall MHD and the whistler/ion-cyclotron waves},
  url       = {https://chenshihelio.github.io/notes/Hall_MHD_ion_cyclotron.pdf},
  journal   = {University of California},
  publisher = {University of California},
  year      = {2022},
  month     = {Nov}
}

@article{nonlinear2,
  author  = {Todo,Y.  and Sato,T. },
  title   = {Linear and nonlinear particle-magnetohydrodynamic simulations of the toroidal Alfvén eigenmode},
  journal = {Physics of Plasmas},
  volume  = {5},
  number  = {5},
  pages   = {1321-1327},
  year    = {1998},
  doi     = {10.1063/1.872791},
  url     = { 
             https://doi.org/10.1063/1.872791
             
             },
  eprint  = { 
             https://doi.org/10.1063/1.872791
             
             }
}